<collection xmlns="http://www.loc.gov/MARC21/slim">
<record>
  <leader>02133nam0a2200325 i 450 </leader>
  <controlfield tag="001">IT\ICCU\CNCE\003946</controlfield>
  <controlfield tag="005">20070827000000.0</controlfield>
  <datafield tag="012" ind1=" " ind2=" ">
    <subfield code="a">usmu peus i-o- lata (3) 1523 (R)</subfield>
    <subfield code="2">fei</subfield>
    <subfield code="9">1</subfield>
  </datafield>
  <datafield tag="012" ind1=" " ind2=" ">
    <subfield code="a">at8. 7.r. iti. laAl (C) 1523 (R)</subfield>
    <subfield code="2">fei</subfield>
    <subfield code="9">2</subfield>
  </datafield>
  <datafield tag="100" ind1=" " ind2=" ">
    <subfield code="a">19970101d1523        0itac0103    ba</subfield>
  </datafield>
  <datafield tag="101" ind1=" " ind2=" ">
    <subfield code="a">LAT</subfield>
  </datafield>
  <datafield tag="102" ind1=" " ind2=" ">
    <subfield code="a">IT</subfield>
  </datafield>
  <datafield tag="200" ind1="1" ind2=" ">
    <subfield code="a">Tractatus fecundus &amp; perutilis profunde subtilique ac quottidiane materie omnis prescriptionis tam ciuilis quam canonice. Qui de prescriptionibus inscribitur. Editus per preclarum iuris vtriusque doctorem dominum Joannemfranciscum \!! Balbum de Auillianaciuem Taurini ... Cum repertorio seu tabula Hieronymi de Marliano Mediolanensis nouissime edita</subfield>
  </datafield>
  <datafield tag="210" ind1=" " ind2=" ">
    <subfield code="e">Impressa in oppido Tridini</subfield>
    <subfield code="g">per dominum Ioannem Iolitum alias de Ferrarijs</subfield>
    <subfield code="h">1523. die.XIII. Maij</subfield>
  </datafield>
  <datafield tag="215" ind1=" " ind2=" ">
    <subfield code="a">2 v.</subfield>
    <subfield code="d">fol</subfield>
  </datafield>
  <datafield tag="620" ind1=" " ind2=" ">
    <subfield code="a">IT</subfield>
    <subfield code="d">Trino</subfield>
  </datafield>
  <datafield tag="700" ind1=" " ind2="1">
    <subfield code="a">Balbo,</subfield>
    <subfield code="b">Giovanni Francesco</subfield>
    <subfield code="3">IT\ICCU\CNCA\001312</subfield>
  </datafield>
  <datafield tag="702" ind1=" " ind2="1">
    <subfield code="a">Marliani,</subfield>
    <subfield code="b">Girolamo</subfield>
    <subfield code="c"> &lt;milanese&gt;</subfield>
    <subfield code="3">IT\ICCU\CNCA\001009</subfield>
  </datafield>
  <datafield tag="712" ind1="0" ind2="0">
    <subfield code="a">Giolito De Ferrari, Giovanni</subfield>
    <subfield code="c"> &lt;1.&gt;</subfield>
    <subfield code="3">IT\ICCU\CNCT\000472</subfield>
    <subfield code="4">650</subfield>
  </datafield>
  <datafield tag="790" ind1=" " ind2="1">
    <subfield code="a">Balbi,</subfield>
    <subfield code="b">Giovanni Francesco</subfield>
    <subfield code="3">IT\ICCU\CNCA\017038</subfield>
    <subfield code="z">Balbo, Giovanni Francesco</subfield>
  </datafield>
  <datafield tag="790" ind1=" " ind2="0">
    <subfield code="a">Hieronymus</subfield>
    <subfield code="c"> : de#Marliano</subfield>
    <subfield code="3">IT\ICCU\CNCA\014384</subfield>
    <subfield code="z">Marliani, Girolamo &lt;milanese&gt;</subfield>
  </datafield>
  <datafield tag="790" ind1=" " ind2="1">
    <subfield code="a">Marliano,</subfield>
    <subfield code="b"> Hieronymus : de</subfield>
    <subfield code="3">IT\ICCU\CNCA\029296</subfield>
    <subfield code="z">Marliani, Girolamo &lt;milanese&gt;</subfield>
  </datafield>
  <datafield tag="791" ind1="0" ind2="0">
    <subfield code="a">Iolitus, Ioannes</subfield>
    <subfield code="3">IT\ICCU\CNCT\003848</subfield>
    <subfield code="z">Giolito De Ferrari, Giovanni &lt;1.&gt;</subfield>
  </datafield>
  <datafield tag="791" ind1="0" ind2="0">
    <subfield code="a">Giolitto, Giovanni</subfield>
    <subfield code="3">IT\ICCU\CNCT\004887</subfield>
    <subfield code="z">Giolito De Ferrari, Giovanni &lt;1.&gt;</subfield>
  </datafield>
  <datafield tag="791" ind1="0" ind2="0">
    <subfield code="a">Giolitus, Ioannes alias Ferrarius</subfield>
    <subfield code="3">IT\ICCU\CNCT\004888</subfield>
    <subfield code="z">Giolito De Ferrari, Giovanni &lt;1.&gt;</subfield>
  </datafield>
  <datafield tag="801" ind1=" " ind2="3">
    <subfield code="a">IT</subfield>
    <subfield code="b">ICCU</subfield>
    <subfield code="c">20201113</subfield>
  </datafield>
  <datafield tag="899" ind1=" " ind2=" ">
    <subfield code="a">Biblioteca dell&apos;Istituto tecnico commerciale F. Carrara. Lucca</subfield>
    <subfield code="z">MUTILO</subfield>
    <subfield code="1">LU0101</subfield>
    <subfield code="2">ZLU 10</subfield>
  </datafield>
  <datafield tag="899" ind1=" " ind2=" ">
    <subfield code="a">Biblioteca del Dipartimento di diritto privato e storia del diritto dell&apos;Universit ̉degli studi di Milano. Milano</subfield>
    <subfield code="1">MI1334</subfield>
    <subfield code="2">USM L1</subfield>
  </datafield>
  <datafield tag="911" ind1=" " ind2=" ">
    <subfield code="a">Sui front.</subfield>
    <subfield code="9">IT\ICCU\CNCM\000339</subfield>
  </datafield>
  <datafield tag="921" ind1=" " ind2=" ">
    <subfield code="a">IT\ICCU\CNCM\000339</subfield>
    <subfield code="b">Due guerrieri tengono uno scudo appeso ad un albero. Nello scudo le iniziali I.G.S.</subfield>
    <subfield code="c">Z23</subfield>
    <subfield code="d">Dimensioni: 9 x 11,7</subfield>
    <subfield code="f">GUERRIERI</subfield>
    <subfield code="f">SCUDO</subfield>
    <subfield code="f">ALBERO</subfield>
    <subfield code="f">IGS</subfield>
    <subfield code="f">CROCE</subfield>
    <subfield code="g">1509-1523</subfield>
  </datafield>
</record>
</collection>
